% This file was created with JabRef 2.7.2.
% Encoding: Cp1252


@ARTICLE{cssUSSaving,
  author = {Carroll, Christopher D. and Jiri Slacalek and Martin Sommer},
  title = {Dissecting Saving Dynamics: Measuring Wealth, Precautionary, and Credit Effects},
  journal = {Manuscript, Johns Hopkins University},
  year = {2012},
  note = {\url{http://econ.jhu.edu/people/ccarroll/papers/cssUSSaving/}},
  url = {http://econ.jhu.edu/people/ccarroll/papers/cssUSSaving/}
}

@ARTICLE{cjSOE,
  author = {Carroll, Christopher D. and Jeanne, Olivier},
  title = {A Tractable Model of Precautionary Reserves, Net Foreign Assets,
	or Sovereign Wealth Funds},
  journal = {NBER Working Paper Number 15228},
  year = {2009},
  month = {August},
  note = {\url{http://econ.jhu.edu/people/ccarroll/papers/cjSOE}},
  owner = {liuchundeng},
  timestamp = {2013.01.14},
  url = {http://econ.jhu.edu/people/ccarroll/papers/cjSOE.pdf}
}

@ARTICLE{ctDiscrete,
  author = {Carroll, Christopher D. and Toche, Patrick},
  title = {A Tractable Model of Buffer Stock Saving},
  journal = {NBER Working Paper Number 15265},
  year = {2009},
  month = {August},
  note = {\url{http://econ.jhu.edu/people/ccarroll/papers/ctDiscrete}},
  url = {http://econ.jhu.edu/people/ccarroll/papers/ctDiscrete}
}

